% Encoding: UTF-8

@Book{Washington2008,
  title     = {{E}lliptic {C}urves: {N}umber {T}heory and {C}ryptography},
  publisher = {Chapman and Hall/CRC},
  year      = {2008},
  author    = {Lawrence C. Washington},
  editor    = {Kenneth H. Rosen},
  edition   = {Druga},
  isbn      = {978-1-4200-7146-7},
}

@Book{Silverman2009,
  title     = {{T}he {A}rithmetic of {E}lliptic {C}urves},
  publisher = {Springer},
  year      = {2009},
  author    = {Joseph H. Silverman},
  edition   = {Druga},
  isbn      = {978-0-387-09493-9},
}

@Book{Jeffrey2008,
  title     = {{A}n {I}ntroduction to {M}athematical {C}ryptography},
  publisher = {Springer},
  year      = {2008},
  author    = {Jeffrey, Hoffstein and Jill, Pipher and Silverman, J. H.},
}

@Unpublished{Miller,
  author = {Victor S. Miller},
  title  = {{S}hort {P}rograms for functions on {C}urves},
}

@PhdThesis{Lynn2007,
  author = {Ben Lynn},
  title  = {{O}n the implementation of pairing-based cryptosystems},
  school = {Stanford university},
  year   = {2007},
}

@Comment{jabref-meta: databaseType:bibtex;}

% vim: set tw=0:
